@ARTICLE{Gavryushkina2015-vq,
  title         = "Bayesian total evidence dating reveals the recent crown
                   radiation of penguins",
  author        = "Gavryushkina, Alexandra and Heath, Tracy A and Ksepka,
                   Daniel T and Stadler, Tanja and Welch, David and Drummond,
                   Alexei J",
  month         =  "15~" # jun,
  year          =  2015,
  url           = "http://arxiv.org/abs/1506.04797",
  archivePrefix = "arXiv",
  primaryClass  = "q-bio.PE",
  eprint        = "1506.04797"
}

@INPROCEEDINGS{Hohna2008-vl,
title = "Clock-constrained tree proposal operators in Bayesian phylogenetic inference",
booktitle = "{BioInformatics} and {BioEngineering}, 2008. {BIBE} 2008. 8th {IEEE} International Conference on",
author = "Hohna, S and Defoin-Platel, M and Drummond, A J",
pages = "1--7",
month =  oct,
year =  2008,
url = "http://dx.doi.org/10.1109/BIBE.2008.4696663",
doi = "10.1109/BIBE.2008.4696663"
}

@ARTICLE{Mossel2006-fo,
title = "Limitations of {M}arkov Chain {M}onte {C}arlo Algorithms for Bayesian Inference of Phylogeny",
author = "Mossel, Elchanan and Vigoda, Eric",
journal = "Ann. Appl. Probab.",
publisher = "Institute of Mathematical Statistics",
volume =  16,
number =  4,
pages = "2215--2234",
month =  "1~" # nov,
year =  2006,
issn = "1050-5164",
doi = "10.2307/25449847"
}
url = "http://www.jstor.org/stable/25449847",

@ARTICLE{Ronquist2006-fv,
title = "Comment on ``Phylogenetic {MCMC} algorithms are misleading on mixtures of trees''",
author = "Ronquist, Fredrik and Larget, Bret and Huelsenbeck, John P and Kadane, Joseph B and Simon, Donald and van der Mark, Paul",
affiliation = "School of Computational Science, Florida State University, Tallahassee, FL 32306-4120, USA. ronquist@scs.fsu.edu",
journal = "Science",
volume =  312,
number =  5772,
pages = "367; author reply 367",
month =  "21~" # apr,
year =  2006,
issn = "0036-8075",
pmid = "16627724",
doi = "10.1126/science.1123622"
}
url = "http://dx.doi.org/10.1126/science.1123622",

@ARTICLE{Mossel2005-ly,
title = "Phylogenetic {MCMC} algorithms are misleading on mixtures of trees",
author = "Mossel, Elchanan and Vigoda, Eric",
affiliation = "Department of Statistics, University of California at Berkeley, Berkeley, CA 94720, USA. mossel@stat.berkeley.edu.",
journal = "Science",
volume =  309,
number =  5744,
pages = "2207--2209",
month =  "30~" # sep,
year =  2005,
issn = "0036-8075",
pmid = "16195459",
doi = "10.1126/science.1115493"
}
url = "http://dx.doi.org/10.1126/science.1115493",

@ARTICLE{Stefankovic2011-hu,
title = "Fast Convergence of {M}arkov Chain {M}onte {C}arlo Algorithms for Phylogenetic Reconstruction with Homogeneous Data on Closely Related Species",
author = "\v{S}tefankovi\v{c}, D and Vigoda, E",
journal = "SIAM J. Discrete Math.",
volume =  25,
number =  3,
pages = "1194--1211",
year =  2011,
annote = "Note that they actually consider a MC where the likelihood of a (discrete) tree is the maximum likelihood across branch lengths.",
eprint = "http://dx.doi.org/10.1137/100790550",
doi = "10.1137/100790550"
}
url = "http://dx.doi.org/10.1137/100790550",

@ARTICLE{Whidden2015-yi,
title = "Quantifying {MCMC} exploration of phylogenetic tree space",
author = "Whidden, Chris and Matsen IV, Frederick A",
affiliation = "Program in Computational Biology, Fred Hutchinson Cancer Research Center, Seattle, WA, 98109, USA cwhidden@fhcrc.org. Program in Computational Biology, Fred Hutchinson Cancer Research Center, Seattle, WA, 98109, USA.",
journal = "Syst. Biol.",
month =  "27~" # jan,
year =  2015,
url = "http://dx.doi.org/10.1093/sysbio/syv006",
keywords = "Markov chain Monte Carlo; phylogenetic methods; subtree prune-and-regraft; topological peaks; tree space",
issn = "1063-5157, 1076-836X",
pmid = "25631175",
doi = "10.1093/sysbio/syv006"
}

@ARTICLE{lakner2008efficiency,
  author = {Lakner, Clemens and Van Der Mark, Paul and Huelsenbeck, John P and
	Larget, Bret and Ronquist, Fredrik},
  title = {Efficiency of {Markov chain Monte Carlo} tree proposals in {Bayesian}
	phylogenetics},
  journal = {Syst. Biol.},
  year = {2008},
  volume = {57},
  pages = {86--103},
  number = {1},
  publisher = {Oxford University Press}
}

@ARTICLE{beiko2006searching,
  author = {Beiko, Robert G and Keith, Jonathan M and Harlow, Timothy J and Ragan,
	Mark A},
  title = {Searching for convergence in phylogenetic Markov chain Monte Carlo},
  journal = {Syst. Biol.},
  year = {2006},
  volume = {55},
  pages = {553--565},
  number = {4},
  publisher = {Oxford University Press}
}

@article{spade2014note,
  title={A note on the relaxation time of two Markov chains on rooted phylogenetic tree spaces},
  author={Spade, David A and Herbei, Radu and Kubatko, Laura S},
  journal={Statistics \& Probability Letters},
  volume={84},
  pages={247--252},
  year={2014},
  publisher={Elsevier}
}

@ARTICLE{Yang1997-gv,
title = "Bayesian phylogenetic inference using {DNA} sequences: a Markov Chain Monte Carlo Method",
author = "Yang, Z and Rannala, B",
affiliation = "Department of Integrative Biology, University of California, Berkeley 94720-3140, USA.",
journal = "Mol. Biol. Evol.",
volume =  14,
number =  7,
pages = "717--724",
month =  jul,
year =  1997,
url = "http://www.ncbi.nlm.nih.gov/pubmed/9214744",
issn = "0737-4038",
pmid = "9214744"
}

@ARTICLE{Mau1997-sq,
title = "Phylogenetic Inference for Binary Data on Dendograms Using Markov Chain Monte Carlo",
author = "Mau, Bob and Newton, Michael A",
journal = "J. Comput. Graph. Stat.",
publisher = "Taylor \& Francis, Ltd. on behalf of the American Statistical Association, Institute of Mathematical Statistics, and Interface Foundation of America",
volume =  6,
number =  1,
pages = "122--131",
month =  "1~" # mar,
year =  1997,
url = "http://www.jstor.org/stable/1390728",
issn = "1061-8600",
doi = "10.2307/1390728"
}

@ARTICLE{Drummond2006-oa,
title = "Relaxed phylogenetics and dating with confidence",
author = "Drummond, Alexei J and Ho, Simon Y W and Phillips, Matthew J and Rambaut, Andrew",
affiliation = "Department of Zoology, University of Oxford, Oxford, United Kingdom.",
journal = "PLoS Biol.",
publisher = "dx.plos.org",
volume =  4,
number =  5,
pages = "e88",
month =  may,
year =  2006,
url = "http://dx.doi.org/10.1371/journal.pbio.0040088",
issn = "1544-9173, 1545-7885",
pmid = "16683862",
doi = "10.1371/journal.pbio.0040088",
pmc = "PMC1395354"
}

@ARTICLE{Minin2008-wz,
title = "Smooth skyride through a rough skyline: Bayesian coalescent-based inference of population dynamics",
author = "Minin, Vladimir N and Bloomquist, Erik W and Suchard, Marc A",
affiliation = "Department of Statistics, University of Washington, USA. vminin@u.washington.edu",
journal = "Mol. Biol. Evol.",
volume =  25,
number =  7,
pages = "1459--1471",
month =  "11~" # jul,
year =  2008,
url = "http://dx.doi.org/10.1093/molbev/msn090",
issn = "0737-4038",
pmid = "18408232",
doi = "10.1093/molbev/msn090",
pmc = "PMC3302198"
}

@ARTICLE{Drummond2005-ks,
title = "Bayesian coalescent inference of past population dynamics from molecular sequences",
author = "Drummond, A J and Rambaut, A and Shapiro, B and Pybus, O G",
affiliation = "Department of Zoology, University of Oxford, Oxford, United Kingdom. alexei.drummond@zoo.ox.ac.uk",
journal = "Mol. Biol. Evol.",
volume =  22,
number =  5,
pages = "1185--1192",
month =  "9~" # feb,
year =  2005,
url = "http://dx.doi.org/10.1093/molbev/msi103",
issn = "0737-4038",
pmid = "15703244",
doi = "10.1093/molbev/msi103"
}

@ARTICLE{Kuhner2000-af,
title = "Usefulness of single nucleotide polymorphism data for estimating population parameters",
author = "Kuhner, M K and Beerli, P and Yamato, J and Felsenstein, J",
affiliation = "Department of Genetics, University of Washington, Seattle, Washington 98195-7360, USA. mkkuhner@genetics.washington.edu",
journal = "Genetics",
volume =  156,
number =  1,
pages = "439--447",
month =  sep,
year =  2000,
url = "http://www.ncbi.nlm.nih.gov/pubmed/10978306",
issn = "0016-6731",
pmid = "10978306",
pmc = "PMC1461258"
}

@ARTICLE{Kuhner1998-tq,
title = "Maximum likelihood estimation of population growth rates based on the coalescent",
author = "Kuhner, M K and Yamato, J and Felsenstein, J",
affiliation = "Department of Genetics, University of Washington, Seattle, Washington 98195, USA. mkkuhner@genetics.washington.edu",
journal = "Genetics",
volume =  149,
number =  1,
pages = "429--434",
month =  may,
year =  1998,
url = "http://www.ncbi.nlm.nih.gov/pubmed/9584114",
issn = "0016-6731",
pmid = "9584114",
pmc = "PMC1460154"
}

@ARTICLE{Beerli2001-sc,
title = "Maximum likelihood estimation of a migration matrix and effective population sizes in n subpopulations by using a coalescent approach",
author = "Beerli, P and Felsenstein, J",
affiliation = "Department of Genetics, University of Washington, Seattle, WA 98195-7360, USA. beerli@genetics.washington.edu",
journal = "Proc. Natl. Acad. Sci. U. S. A.",
volume =  98,
number =  8,
pages = "4563--4568",
month =  "10~" # apr,
year =  2001,
url = "http://dx.doi.org/10.1073/pnas.081068098",
issn = "0027-8424",
pmid = "11287657",
doi = "10.1073/pnas.081068098",
pmc = "PMC31874"
}

@ARTICLE{Kuhner1995-mj,
title = "Estimating effective population size and mutation rate from sequence data using {Metropolis-Hastings} sampling",
author = "Kuhner, M K and Yamato, J and Felsenstein, J",
affiliation = "Department of Genetics, University of Washington, Seattle 98195-7360, USA.",
journal = "Genetics",
volume =  140,
number =  4,
pages = "1421--1430",
month =  aug,
year =  1995,
url = "http://www.ncbi.nlm.nih.gov/pubmed/7498781",
issn = "0016-6731",
pmid = "7498781",
pmc = "PMC1206705"
}

@ARTICLE{Kuhner2006-vx,
title = "{LAMARC} 2.0: maximum likelihood and Bayesian estimation of population parameters",
author = "Kuhner, Mary K",
affiliation = "Department of Genome Sciences Box 357730 University of Washington Seattle, 98195-7730, USA. lamarc@gs.washington.edu",
journal = "Bioinformatics",
volume =  22,
number =  6,
pages = "768--770",
month =  "15~" # mar,
year =  2006,
url = "http://dx.doi.org/10.1093/bioinformatics/btk051",
issn = "1367-4803",
pmid = "16410317",
doi = "10.1093/bioinformatics/btk051"
}


@ARTICLE{Worobey2008-rt,
title = "Direct evidence of extensive diversity of {HIV-1} in Kinshasa by 1960",
author = "Worobey, Michael and Gemmel, Marlea and Teuwen, Dirk E and Haselkorn, Tamara and Kunstman, Kevin and Bunce, Michael and Muyembe, Jean-Jacques and Kabongo, Jean-Marie M and Kalengayi, Rapha{\"{e}}l M and Van Marck, Eric and Gilbert, M Thomas P and Wolinsky, Steven M",
affiliation = "Ecology and Evolutionary Biology, University of Arizona, Tucson, Arizona 85721, USA. worobey@email.arizona.edu",
journal = "Nature",
volume =  455,
number =  7213,
pages = "661--664",
month =  "2~" # oct,
year =  2008,
url = "http://dx.doi.org/10.1038/nature07390",
issn = "0028-0836, 1476-4687",
pmid = "18833279",
doi = "10.1038/nature07390",
pmc = "PMC3682493"
}

@ARTICLE{Baele2013-op,
title = "Accurate model selection of relaxed molecular clocks in bayesian phylogenetics",
author = "Baele, Guy and Li, Wai Lok Sibon and Drummond, Alexei J and Suchard, Marc A and Lemey, Philippe",
affiliation = "Department of Microbiology and Immunology, Rega Institute, KU Leuven, Leuven, Belgium. guy.baele@rega.kuleuven.be",
journal = "Mol. Biol. Evol.",
publisher = "SMBE",
volume =  30,
number =  2,
pages = "239--243",
month =  feb,
year =  2013,
url = "http://dx.doi.org/10.1093/molbev/mss243",
issn = "0737-4038, 1537-1719",
pmid = "23090976",
doi = "10.1093/molbev/mss243",
pmc = "PMC3548314"
}

@MISC{tTauCurvature,
  title        = "{tTauCurvature}",
  booktitle    = "{GitHub}",
  author       = "{@gavruskin}",
  url          = "https://github.com/gavruskin/tTauCurvature",
  howpublished = "\url{https://github.com/gavruskin/tTauCurvature}",
  note         = "Accessed: 2015-10-13"
}

@ARTICLE{beast2,
  title={{BEAST} 2: a software platform for {B}ayesian evolutionary analysis},
  author={Bouckaert, Remco and Heled, Joseph and K{\"u}hnert, Denise and Vaughan, Tim and Wu, Chieh-Hsi and Xie, Dong and Suchard, Marc A and Rambaut, Andrew and Drummond, Alexei J},
  journal={PLoS computational biology},
  volume={10},
  number={4},
  pages={e1003537},
  year={2014},
  publisher={Public Library of Science}
}

@ARTICLE{Gavryushkin2014-bw,
  title         = "The space of ultrametric phylogenetic trees",
  author        = "Gavryushkin, Alex and Drummond, Alexei J",
  month         =  "14~" # oct,
  year          =  2014,
  url           = "http://arxiv.org/abs/1410.3544",
  archivePrefix = "arXiv",
  primaryClass  = "math.MG",
  eprint        = "1410.3544"
}

@ARTICLE{Gavryushkina2014-xd,
  title       = "Bayesian inference of sampled ancestor trees for epidemiology
                 and fossil calibration",
  author      = "Gavryushkina, Alexandra and Welch, David and Stadler, Tanja
                 and Drummond, Alexei J",
  journal     = "PLoS Comput. Biol.",
  publisher   = "dx.plos.org",
  volume      =  10,
  number      =  12,
  pages       = "e1003919",
  month       =  dec,
  year        =  2014,
  url         = "http://dx.doi.org/10.1371/journal.pcbi.1003919"
}

@ARTICLE{Loisel2014-gu,
  title     = "Ricci Curvature on Polyhedral Surfaces via Optimal
               Transportation",
  author    = "Loisel, Beno\^{\i}t and Romon, Pascal",
  journal   = "Axioms",
  publisher = "Multidisciplinary Digital Publishing Institute",
  volume    =  3,
  number    =  1,
  pages     = "119--139",
  month     =  "6~" # mar,
  year      =  2014,
  url       = "http://www.mdpi.com/2075-1680/3/1/119"
}

@ARTICLE{Ollivier2009-cj,
  title    = "Ricci curvature of Markov chains on metric spaces",
  author   = "Ollivier, Yann",
  journal  = "J. Funct. Anal.",
  volume   =  256,
  number   =  3,
  pages    = "810--864",
  month    =  "1~" # feb,
  year     =  2009,
  url      = "http://www.sciencedirect.com/science/article/pii/S002212360800493X",
  keywords = "Ricci curvature; Markov chains; Metric geometry; Concentration of
              measure"
}

@BOOK{Semple2003-nj,
  title       = "Phylogenetics",
  author      = "Semple, C and Steel, M",
  affiliation = "New York, NY",
  publisher   = "Oxford University Press",
  year        =  2003,
  url         = "http://www.citeulike.org/group/894/article/6890589",
  keywords    = "algorithms; methods"
}

@ARTICLE{Whidden2015-es,
  title         = "{Ricci-Ollivier} Curvature of the Rooted Phylogenetic
                   {Subtree-Prune-Regraft} Graph",
  author        = "Whidden, Chris and Matsen, IV, Frederick A",
  month         =  "1~" # apr,
  year          =  2015,
  url           = "http://arxiv.org/abs/1504.00304",
  archivePrefix = "arXiv",
  primaryClass  = "cs.DM",
  eprint        = "1504.00304"
}
